@report{หลักสูตรสาขาวิชาภาษาญี่ปุ่น2561,
	author = "คณะศิลปศาสตร์ ภาควิชาภาษาไทยและภาษาวัฒนธรรมตะวันออกสาขาวิชาภาษาญี่ปุ่น",
	title = "รายละเอียดของหลักสูตร หลักสูตรศิลปศาสตร์บันฑิต สาขาวิชาภาษาญี่ปุ่น (หลักสูตรปรับปรุง พ.ศ.2561)",
	institution = "มหาวิทยาลัยธรรมศาสตร์",
	year = "2561",
}

@book{ebbinghaus1913memory,
  author = {Ebbinghaus, Hermann},
  title = {Memory: A Contribution to Experimental Psychology},
  year = {1913},
  translator = {Ruger, Henry A. and Bussenius, Clara E.},
  publisher = {Teachers College Press},
  doi = {10.1037/10011-000}
}
@online{MathematicalModeling,
  author = "Ratthaprom Promkam",
  title = "Introduction to Mathematical Modeling",
  note = "[Online]. Available: \url{https://epsilonxe.github.io/RMUTT_09114223/}",
}